% This file was created with JabRef 2.7.
% Encoding: UTF8

@INPROCEEDINGS{Abowd:1999,
  author = {Gregory D. Abowd and Anind K. Dey and Peter J. Brown and Nigel Davies
	and Mark Smith and Pete Steggles},
  title = {Towards a Better Understanding of Context and Context-Awareness},
  booktitle = {HUC '99: Proceedings of the 1st international symposium on Handheld
	and Ubiquitous Computing},
  year = {1999},
  volume = {1707},
  series = {Lecture Notes in Computer Science},
  pages = {304--307},
  address = {London, UK},
  publisher = {Springer Berlin / Heidelberg},
  doi = {10.1007/3-540-48157-5},
  isbn = {3-540-66550-1},
  location = {Karlsruhe, Germany}
}

@INPROCEEDINGS{Lee:2009,
  author = {Lee, Sangkeun and Park, Sungchan and Lee, Sang-goo},
  title = {A Study on Issues in Context-Aware Systems Based on a Survey and
	Service Scenarios},
  booktitle = {Proceedings of the 2009 10th ACIS International Conference on Software
	Engineering, Artificial Intelligences, Networking and Parallel/Distributed
	Computing},
  year = {2009},
  series = {SNPD '09},
  pages = {8--13},
  address = {Washington, DC, USA},
  publisher = {IEEE Computer Society},
  acmid = {1638296},
  doi = {http://dx.doi.org/10.1109/SNPD.2009.37},
  isbn = {978-0-7695-3642-2},
  keywords = {Context-awareness, Scenarios, Ubiquitous, Pervasive},
  numpages = {6},
  url = {http://dx.doi.org/10.1109/SNPD.2009.37}
}

@PHDTHESIS{norell:thesis,
  author = {Ulf Norell},
  title = {Towards a practical programming language based on dependent type
	theory},
  school = {Department of Computer Science and Engineering, Chalmers University
	of Technology},
  year = {2007},
  address = {SE-412 96 G{\"o}teborg, Sweden},
  month = {September}
}

@BOOK{Pierce:2002,
  title = {Types and Programming Languages},
  publisher = {MIT Press},
  year = {2002},
  author = {Benjamin C. Pierce},
  bcp = {Yes},
  errata = {http://www.cis.upenn.edu/~bcpierce/tapl/errata.txt},
  homepage = {http://www.cis.upenn.edu/~bcpierce/tapl},
  keys = {books},
  plclub = {Yes}
}

@BOOK{Sebesta:2005,
  title = {Concepts of Programming Languages},
  publisher = {Addison-Wesley Longman Publishing Co., Inc.},
  year = {2005},
  author = {Robert W. Sebesta},
  address = {Boston, MA, USA},
  edition = {7th},
  isbn = {0321330250}
}

@MISC{Sun:2010,
  author = {Sun},
  title = {Getting Started With JavaSpaces Technology},
  howpublished = {http://java.sun.com/developer/technicalArticles/tools/JavaSpaces},
  year = {2010},
  note = {Acessado em Mar{\c{c}}o/2011}
}

@ARTICLE{Weiser:1991,
  author = {Mark Weiser},
  title = {The Computer for the 21st Century},
  journal = {Scientific American},
  year = {1991},
  volume = {265},
  pages = {94--104},
  number = {3},
  month = {September},
  biburl = {http://www.bibsonomy.org/bibtex/260729bd9cec962e74587a67420e357a4/kdubiq},
  comment = {Classic statement of the ubiquitous-computing vision.},
  description = {KDubiq Blueprint},
  interhash = {1f3b38d575eaa98c6879730585a819b1},
  intrahash = {60729bd9cec962e74587a67420e357a4},
  keyword = {mobile computing, wireless network, ubiquitous computing},
  keywords = {imported},
  url = {http://www.ubiq.com/hypertext/weiser/SciAmDraft3.html}
}

@ARTICLE{Alex:2010,
  author = {Alex Wright},
  title = {Type theory comes of age},
  journal = {Communications of the ACM},
  year = {2010},
  volume = {53},
  pages = {16--17},
  number = {2},
  address = {New York, NY, USA},
  issn = {0001-0782},
  publisher = {ACM}
}

%%=======================================================================================

@article{macedo2012novas,
  title={Novas metodologias de ensino e aprendizagem aplicadas ao curso de Engenharia El{\'e}trica: o foco do ensino no s{\'e}culo XXI},
  author={Macedo, Renata J and Duarte, Marcelo de A and Teixeira, Nelson G},
  address={Rio de Janeiro},
  journal={Artigo COBENGE},
  year={2012}
}

@book{tajra2012informatica,
  title={Inform{\'a}tica na Educa{\c{c}}{\~a}o: novas ferramentas pedag{\'o}gicas para o professor na atualidade},
  author={Tajra, Sanmya Feitosa},
  year={2012},
  edition = {9},
  address = {São Paulo},
  publisher={Érica}
}

@book{cordova2018fundamentos,
  title={Fundamentos computacionais},
  author={Córdova Junior, Ramiro Sebastião},
  year={2018},
  address = {Porto Alegre},
  publisher={Sagah}
}

@article{holanda2016suel,
  title={SUEL: ferramenta did{\'a}tica de subesta{\c{c}}{\~o}es el{\'e}tricas},
  author={HOLANDA, Iand{\^e} Ab{\'a} Gomes Teles de},
  year={2016},
  address = {Campina Grande},
  publisher={Universidade Federal de Campina Grande}
}

@article{ramos2010feupowertool,
  title={FEUPowerTool: ferramanta pedag{\'o}gica para manobras em subesta{\c{c}}{\~o}es},
  author={Ramos, Jorge Fernando Martins Dias and others},
  address = {Porto},
  year={2010}
}

@MISC{lazarus,
  author = {Lazarus and Free Pascal Team },
  title = {About Lazarus Project},
  year = {[s.d.]}
  url = {https://www.lazarus-ide.org/index.php?page=about},
  note = {Acessado em Dezembro de 2021}
}

@mastersthesis{sozo2014desenvolvimento,
  title={Desenvolvimento de ferramenta did{\'a}tica para c{\'a}lculo de malha de aterramento},
  author={Sozo, Iverson},
  type={{B.S.} thesis},
  year={2014},
  school={Universidade Tecnol{\'o}gica Federal do Paran{\'a}}
}

@article{silva2017simulador,
  title={Simulador de uma subesta{\c{c}}{\~a}o el{\'e}trica para ensino de princ{\'\i}pios b{\'a}sicos de eletricidade},
  author={SILVA, Hudson Afonso Batista da and others},
  address={Marabá},
  year={2017},
  publisher={Universidade Federal do Par{\'a}}
}

@article{silva2012virtual,
  title={VIRTUAL SUBSTATION Um sistema de Realidade Virtual para treinamento de operadores de subesta{\c{c}}{\~o}es el{\'e}tricas},
  author={Silva, Reginaldo Costa and others},
  year={2012},
  publisher={Universidade Federal de Uberl{\^a}ndia}
}

@phdthesis{tavares2015aplicaccao,
  title={Aplica{\c{c}}{\~a}o inform{\'a}tica para dimensionamento de barramentos em subesta{\c{c}}{\~o}es},
  author={Tavares, Filipe Andr{\'e} Maduro},
  year={2015},
  school={Instituto Superior de Engenharia de Lisboa}
}

@article{dias2017automaccao,
  title={Automa{\c{c}}{\~a}o de manobras em subesta{\c{c}}{\~o}es de transmiss{\~a}o de energia el{\'e}trica.},
  author={DIAS, S{\'e}rgio Edoardo Correa and others},
  address = {Campina Grande},
  year={2017},
  publisher={Universidade Federal de Campina Grande}
}

@book{mamede2000protecao,
title={Prote{\c{c}}{\~a}o de sistemas el{\'e}tricos de pot{\^e}ncia},
author={Mamede Filho, Jo{\~a}o and Mamede, Daniel Ribeiro},
year={2000},
edition = {2},
address = {Rio de Janeiro},
publisher={Grupo Gen-LTC}
}

@book{barros2009cabine,
  title={Cabine prim{\'a}ria: subesta{\c{c}}{\~o}es de alta tens{\~a}o de consumidor},
  author={BARROS, Benjamim Ferreira de and GEDRA, Ricardo Luis},
  publisher={{\'E}rica},
  address = {São Paulo},
  edition = {4},
  year={2009}
}

@book{mamede2011subestacoes,
title={Subestações de Alta Tensão},
author={Mamede Filho, Jo{\~a}o},
year={2021},
address = {Rio de Janeiro},
edition = {1},
publisher={Grupo Gen-LTC}
}

@article{frontin2013equipamentos,
  title={Equipamentos de alta tens{\~a}o--prospec{\c{c}}{\~a}o e hierarquiza{\c{c}}{\~a}o de inova{\c{c}}{\~o}es tecnol{\'o}gicas},
  author={Frontin, Sergio O and others},
  publisher={Teixeira},
  address = {Brasília},
  year={2013}
}

@book{caminha1977introduccao,
  title={Introdu{\c{c}}{\~a}o {\`a} prote{\c{c}}{\~a}o dos sistemas el{\'e}tricos},
  author={Caminha, Amadeu C},
  address = {São Paulo},
  year={1977},
  publisher={Editora Blucher}
}

@article{azevedo2015arranjos,
  title={Arranjos de Subestações de Alta Tensão},
  author={AZEVEDO, Marcelo Peixoto},
  address = {Belo Horizonte},
  year={2015},
  publisher={Centro Federal de Educação Tecnológica de Minas Gerais}
}